@article{breindenbach2018enter,
  title={Enter the Hydra: Towards Principled Bug Bounties and Exploit-Resistant Smart Contracts},
  author={Breindenbach, Lorenz and Daian, Phil and Tramer, Florian and Juels, Ari and Tram, Florian},
  year={2018}
}

@article{szabo1996smart,
  title={Smart contracts: building blocks for digital markets},
  author={Szabo, Nick},
  journal={EXTROPY: The Journal of Transhumanist Thought,(16)},
  year={1996}
}

@article{nakamoto2008bitcoin,
  title={Bitcoin: A peer-to-peer electronic cash system},
  author={Nakamoto, Satoshi},
  year={2008},
  publisher={Working Paper}
}

@article{buterin2017ethereum,
  title={Ethereum: A next-generation smart contract and decentralized application platform, 2013},
  author={Buterin, Vitalik},
  journal={URL $\{$http://ethereum. org/ethereum. html$\}$},
  year={2017}
}

@article{tsankov2018securify,
  title={Securify: Practical Security Analysis of Smart Contracts},
  author={Tsankov, Petar and Dan, Andrei and Cohen, Dana Drachsler and Gervais, Arthur and Buenzli, Florian and Vechev, Martin},
  journal={arXiv preprint arXiv:1806.01143},
  year={2018}
}

@misc{Hydra,
  howpublished = {\url{https://github.com/vanhauser-thc/thc-hydra/}},
  note = {Accessed 2017},
  title = {Hydra}
}

@misc{Etherdice,
  howpublished = {\url{https://etherdice.io/}},
  note = {Accessed 2016},
  title = {Etherdice}
}

@misc{KingEther,
  howpublished = {\url{ https://github.com/kieranelby/KingOfTheEtherThrone/blob/v0.4.0/contracts/KingOfTheEtherThrone.sol}},
  note = {Accessed 2016},
  title = {King of Ether}
}

@misc{theDAO,
  howpublished = {\url{  https://etherscan.io/address/0xbb9bc244d798123fde783fcc1c72d3bb8c189413}},
  note = {Accessed 2016},
  title = {theDAO}
}

@misc{MultisigBug,
  howpublished = {\url{ http://hackxingdistributed.com/2017/07/22/deep-dive-parity-bug}},
  note = {Accessed 2017},
  title = {An In-Depth Look at the Parity Multisig Bug}
}

@misc{ReadingBlockchain,
  howpublished = {\url{ https://blog.golemproject.net/how-to-fnd-10m-by-just-reading-blockchain-6ae9d39fcd95}},
  note = {Accessed 2017},
  title = {How to Find 10M US dollors Just by Reading the Blockchain}
}

@article{buterin2014next,
  title={A next-generation smart contract and decentralized application platform},
  author={Buterin, Vitalik and others},
  journal={white paper},
  year={2014}
}

@inproceedings{korpela2017digital,
  title={Digital supply chain transformation toward blockchain integration},
  author={Korpela, Kari and Hallikas, Jukka and Dahlberg, Tomi},
  booktitle={proceedings of the 50th Hawaii international conference on system sciences},
  year={2017}
}

@article{cohn2017smart,
  title={Smart After All: Blockchain, Smart Contracts, Parametric Insurance, and Smart Energy Grids},
  author={Cohn, Alan and West, Travis and Parker, Chelsea},
  journal={Georgetown Law Technology Review},
  volume={1},
  number={2},
  pages={273--304},
  year={2017}
}










