@misc{Anova,
  howpublished = {\url{ https://www.itl.nist.gov/div898/handbook/eda/section3/eda354.htm}},
  title = {One-Way ANOVA}
}

@inproceedings{bartels2010automatic,
  title={Automatic artifact removal from EEG-a mixed approach based on double blind source separation and support vector machine},
  author={Bartels, Georg and Shi, Li-Chen and Lu, Bao-Liang},
  booktitle={Engineering in Medicine and Biology Society (EMBC), 2010 Annual International Conference of the IEEE},
  pages={5383--5386},
  year={2010},
  organization={IEEE}
}

@inproceedings{nie2011eeg,
  title={EEG-based emotion recognition during watching movies},
  author={Nie, Dan and Wang, Xiao-Wei and Shi, Li-Chen and Lu, Bao-Liang},
  booktitle={Neural engineering (NER), 2011 5th international IEEE/EMBS conference on},
  pages={667--670},
  year={2011},
  organization={IEEE}
}

@inproceedings{vijayan2015eeg,
  title={EEG-based emotion recognition using statistical measures and auto-regressive modeling},
  author={Vijayan, Aravind E and Sen, Deepak and Sudheer, AP},
  booktitle={Computational Intelligence \& Communication Technology (CICT), 2015 IEEE International Conference on},
  pages={587--591},
  year={2015},
  organization={IEEE}
}

@inproceedings{bashar2015identification,
  title={Identification of motor imagery movements from eeg signals using dual tree complex wavelet transform},
  author={Bashar, Syed Khairul and Hassan, Ahnaf Rashik and Bhuiyan, Mohammed Imamul Hassan},
  booktitle={2015 International Conference on Advances in Computing, Communications and Informatics (ICACCI)},
  pages={290--296},
  year={2015},
  organization={IEEE}
}

@inproceedings{torres2014comparative,
  title={Comparative analysis of physiological signals and electroencephalogram (EEG) for multimodal emotion recognition using generative models},
  author={Torres-Valencia, Cristian A and Garcia-Arias, Hernan F and Lopez, Mauricio A Alvarez and Orozco-Guti{\'e}rrez, Alvaro A},
  booktitle={Image, Signal Processing and Artificial Vision (STSIVA), 2014 XIX Symposium on},
  pages={1--5},
  year={2014},
  organization={IEEE}
}
@inproceedings{wei2015selective,
  title={Selective transfer learning for EEG-based drowsiness detection},
  author={Wei, Chun-Shu and Lin, Yuan-Pin and Wang, Yu-Te and Jung, Tzyy-Ping and Bigdely-Shamlo, Nima and Lin, Chin-Teng},
  booktitle={Systems, Man, and Cybernetics (SMC), 2015 IEEE International Conference on},
  pages={3229--3232},
  year={2015},
  organization={IEEE}
}

@article{abo2015state,
  title={State-of-the-art methods and future perspectives for personal recognition based on electroencephalogram signals},
  author={Abo-Zahhad, Mohammed and Ahmed, Sabah Mohammed and Abbas, Sherif Nagib},
  journal={IET Biometrics},
  volume={4},
  number={3},
  pages={179--190},
  year={2015},
  publisher={IET}
}
@article{wang2016discriminative,
  title={Discriminative feature extraction via multivariate linear regression for SSVEP-based BCI},
  author={Wang, Haiqiang and Zhang, Yu and Waytowich, Nicholas R and Krusienski, Dean J and Zhou, Guoxu and Jin, Jing and Wang, Xingyu and Cichocki, Andrzej},
  journal={IEEE Transactions on Neural Systems and Rehabilitation Engineering},
  volume={24},
  number={5},
  pages={532--541},
  year={2016},
  publisher={IEEE}
}
@article{acharya2015novel,
  title={A novel depression diagnosis index using nonlinear features in EEG signals},
  author={Acharya, U Rajendra and Sudarshan, Vidya K and Adeli, Hojjat and Santhosh, Jayasree and Koh, Joel EW and Puthankatti, Subha D and Adeli, Amir},
  journal={European neurology},
  volume={74},
  number={1-2},
  pages={79--83},
  year={2015},
  publisher={Karger Publishers}
}


@article{pachori2014epileptic,
  title={Epileptic seizure classification in EEG signals using second-order difference plot of intrinsic mode functions},
  author={Pachori, Ram Bilas and Patidar, Shivnarayan},
  journal={Computer methods and programs in biomedicine},
  volume={113},
  number={2},
  pages={494--502},
  year={2014},
  publisher={Elsevier}
}

@article{riaz2016emd,
  title={EMD-based temporal and spectral features for the classification of EEG signals using supervised learning},
  author={Riaz, Farhan and Hassan, Ali and Rehman, Saad and Niazi, Imran Khan and Dremstrup, Kim},
  journal={IEEE Transactions on Neural Systems and Rehabilitation Engineering},
  volume={24},
  number={1},
  pages={28--35},
  year={2016},
  publisher={IEEE}
}

@article{xu20151,
  title={A 1.5-D multi-channel EEG compression algorithm based on NLSPIHT},
  author={Xu, Gaowei and Han, Jun and Zou, Yao and Zeng, Xiaoyang},
  journal={IEEE Signal Processing Letters},
  volume={22},
  number={8},
  pages={1118--1122},
  year={2015},
  publisher={IEEE}
}



