@article{breindenbach2018enter,
  title={Enter the Hydra: Towards Principled Bug Bounties and Exploit-Resistant Smart Contracts},
  author={Breindenbach, Lorenz and Daian, Phil and Tramer, Florian and Juels, Ari and Tram, Florian},
  year={2018}
}